4267 6563
1208 700 3763 935 et lui dist amy chantez. Il lui respõdist
1198 880 3856 1153 moult humblement que pour eulx deux
1192 1115 3780 1372 elle se uoulsist acquiter. Lors a uoix bas
1192 1318 3796 1553 se et serie moult doulcement cõmenca
1241 1525 3845 1766 a chanter. Quant la duchesse eust finee
1198 1722 3889 1963 sa chancon. Une moult belle damoisselle
1187 1908 3812 2160 seur du conte de blois se prinst a chanter
1192 2105 3796 2384 et dist que ia ne se maryroit mais toute
1236 2324 3676 2570 sa uie uouloit estre amoreuse ¶Apres -
1219 2526 3758 2783 cõmenca a chanter une damoiselle nõ
1230 2745 3736 3002 mee ysabel seur du conte de saint pol·
1208 2953 3812 3183 qui moult estoit belle et gente. Apres
1187 3172 3774 3385 que elle eust finee fachancon pluseure
1176 3347 3763 3587 dames et damoiselles comme la fille·
1230 3549 3791 3833 au seignr̃ de couchy la chastellaine de·
1219 3751 3895 4014 saint omer puis la chastellaine de diion
1247 3965 3763 4238 et asses dautres pluseure ¶Mais tant
1225 4172 3747 4408 uous puis dire que si bien se acquiterẽt
1208 4386 3741 4621 que a les auoir oy le roy et la royne et
1208 4555 3829 4922 les grans princes et princesses sen resioy
