4267 6388
580 739 3073 963 uoulsist dire une chancon ¶Madamoi
569 926 3111 1165 selle dist il uoz prieres me soient commã
548 1133 3079 1346 demens ia dieu ne plaise que le uous re
564 1304 3100 1559 fuse¶ Lors girart de neuers se prinst a·
554 1506 3244 1735 chanter apres ce ledit girart aqui gaires
575 1724 3169 1932 ne chaloit des enuieux eust dicte sa chan
569 1900 3089 2145 con Il se arresta et dist que bien auoit
575 2102 3100 2336 raison de chanter et mener ioye quant·
548 2299 3105 2544 il amoit et estoit ame de la plus belle ⁊
554 2517 3084 2768 plus assouuye qui fust en france et que
591 2725 3158 2954 ce uousoit maintenir et prouuer alencõ
585 2911 3297 3135 tre de tous ceulx qui le contraire uouldroiẽt
601 3146 3105 3337 dire puis dist que en mer nestoit mie
554 3305 3142 3582 sans mast Mais cellui estoit sans mast
575 3524 3084 3742 ou en tel lieu auoit son cuer mis ou il ne
569 3699 3111 3971 scet sil est ame. Et pour ce puis ie bien
554 3917 3201 4152 dire et affermer que pas ne suis cellui qui
543 4109 3057 4365 ayme sans partie. Car delle suis ame·
532 4295 3137 4530 plus que dire ne uous sauroye. Et pour
532 4498 3121 4812 ce que delle me suis uente pour amour.
