<?xml version="1.0" encoding="UTF-8"?>
<alto xmlns:xsi="http://www.w3.org/2001/XMLSchema-instance"
      xmlns="http://www.loc.gov/standards/alto/ns-v4#"
      xsi:schemaLocation="http://www.loc.gov/standards/alto/ns-v4# http://www.loc.gov/standards/alto/v4/alto-4-2.xsd">
  <Description>
    <MeasurementUnit>pixel</MeasurementUnit>
    <sourceImageInformation>
      <fileName>Gérard_de_Nevers_mise_en_...Gerbert_de_btv1b10532591q.pdf_page_5.png</fileName>
      <fileIdentifier>pdf//Gérard_de_Nevers_mise_en_...Gerbert_de_btv1b10532591q.pdf</fileIdentifier>
    </sourceImageInformation>
  </Description>
  
  <Tags>
    <OtherTag ID="BT1" LABEL="Title" DESCRIPTION="block type Title"/><OtherTag ID="BT2" LABEL="Main" DESCRIPTION="block type Main"/><OtherTag ID="BT3" LABEL="Commentary" DESCRIPTION="block type Commentary"/><OtherTag ID="BT4" LABEL="Illustration" DESCRIPTION="block type Illustration"/><OtherTag ID="BT11598" LABEL="text" DESCRIPTION="block type text"/>
    <OtherTag ID="LT4690" LABEL="default" DESCRIPTION="line type default"/>
  </Tags>
  
  <Layout>
    <Page WIDTH="4267"
          HEIGHT="6321"
          PHYSICAL_IMG_NR="2"
          ID="eSc_dummypage_">
      <PrintSpace HPOS="0"
                  VPOS="0"
                  WIDTH="4267"
                  HEIGHT="6321">
        
        <TextBlock HPOS="561"
                   VPOS="702"
                   WIDTH="2764"
                   HEIGHT="4042"
                   ID="eSc_textblock_45598b94"
                   TAGREFS="BT11598">
          <Shape><Polygon POINTS="3030 702 3171 744 3241 983 3213 1668 3269 1910 3199 2791 3269 2949 3325 3399 3227 4674 2163 4744 575 4659 561 2050 604 800 667 702"/></Shape>
          
          
          <TextLine ID="eSc_line_00854272"
                    TAGREFS="LT4690"
                    BASELINE="639 835 3115 828" 
                    HPOS="635"
                    VPOS="702"
                    WIDTH="2480"
                    HEIGHT="225">
            <Shape><Polygon POINTS="3094 723 3058 712 3023 702 2988 702 2953 702 2918 702 2883 702 2848 702 2813 702 2777 702 2774 705 2760 719 2465 719 2409 709 2367 702 2356 702 2321 702 2286 702 2261 702 2237 709 2205 716 2121 709 2040 702 2040 702 2005 702 1970 702 1935 702 1899 702 1864 702 1829 702 1794 702 1784 702 1647 712 1534 719 1506 712 1467 702 1443 702 1408 702 1373 702 1362 702 1215 716 1180 716 1141 716 937 702 916 702 881 702 846 702 811 702 776 702 772 702 656 716 635 740 639 835 639 909 1569 927 1573 927 1833 906 1875 906 1889 906 1959 923 1963 923 2043 906 2057 906 2110 906 2486 923 2489 923 2574 906 2581 906 2588 906 2742 923 2746 923 2964 906 2992 923 2995 923 2999 923 3002 923 3111 902 3115 828 3108 723 3094 723"/></Shape>
	    <String CONTENT="eulx ne sestoient ueuz en france. Auec"
                    HPOS="635"
                    VPOS="702"
                    WIDTH="2480"
                    HEIGHT="225"></String>
          </TextLine>

          
          
          <TextLine ID="eSc_line_8435052f"
                    TAGREFS="LT4690"
                    BASELINE="632 1042 3202 1042" 
                    HPOS="632"
                    VPOS="898"
                    WIDTH="2570"
                    HEIGHT="225">
            <Shape><Polygon POINTS="632 1042 632 1092 1134 1092 1158 1113 1162 1113 1165 1113 1299 1123 1302 1123 1453 1106 1963 1123 1966 1123 2103 1099 2475 1099 2514 1123 2518 1123 2521 1123 2525 1123 2946 1106 3058 1123 3062 1123 3202 1088 3202 1042 3199 906 2960 927 2921 906 2904 898 2900 898 2897 898 2851 909 2781 923 2697 909 2623 898 2619 898 2616 898 2612 898 2595 909 2560 930 2489 913 2475 909 2472 909 2468 909 2465 909 2461 909 2458 913 2437 934 2265 934 2244 916 2226 898 2223 898 2219 898 1942 898 1938 898 1935 898 1931 898 1899 920 1882 930 1791 920 1671 906 1668 906 1664 906 1633 923 1615 934 1288 934 1278 927 1250 906 1246 906 1243 906 1239 906 1236 906 1169 927 1155 934 948 934 944 930 906 898 902 898 899 898 895 898 800 920 733 898 730 898 726 898 723 898 632 930 632 1042"/></Shape>
	    <String CONTENT="la beaulte dont nr̃e sͬ. les auoit si large"
                    HPOS="632"
                    VPOS="898"
                    WIDTH="2570"
                    HEIGHT="225"></String>
          </TextLine>

          
          
          <TextLine ID="eSc_line_5058fa26"
                    TAGREFS="LT4690"
                    BASELINE="618 1257 3185 1250" 
                    HPOS="614"
                    VPOS="1102"
                    WIDTH="2571"
                    HEIGHT="242">
            <Shape><Polygon POINTS="618 1257 618 1344 797 1320 1043 1341 1064 1341 1067 1341 1071 1341 1074 1341 1130 1320 1331 1337 1348 1337 1352 1337 1376 1337 1527 1323 1555 1334 1573 1341 1576 1341 1580 1341 1583 1341 1608 1334 1657 1320 1706 1334 1738 1341 1741 1341 1745 1341 1808 1330 1903 1316 2152 1316 2170 1327 2184 1337 2187 1337 2191 1337 2194 1337 2317 1323 2381 1320 2521 1323 3062 1337 3065 1337 3185 1313 3185 1250 3178 1134 2746 1102 2742 1102 2739 1102 2735 1102 2697 1127 2651 1106 2647 1106 2644 1106 2521 1130 2433 1102 2430 1102 2426 1102 2423 1102 2328 1130 2261 1102 2258 1102 2156 1102 2152 1102 1899 1134 1892 1134 1878 1134 1295 1106 1292 1106 1288 1106 1285 1106 1246 1134 1155 1134 958 1106 955 1106 762 1134 674 1106 670 1106 667 1106 663 1106 614 1130 618 1257"/></Shape>
	    <String CONTENT="ment partis leur auoit fait ceste grace"
                    HPOS="614"
                    VPOS="1102"
                    WIDTH="2571"
                    HEIGHT="242"
                    WC="0.9757293233504662"></String>
          </TextLine>

          
          
          <TextLine ID="eSc_line_c634ef3a"
                    TAGREFS="LT4690"
                    BASELINE="625 1450 3097 1457" 
                    HPOS="625"
                    VPOS="1309"
                    WIDTH="2472"
                    HEIGHT="215">
            <Shape><Polygon POINTS="625 1450 625 1524 3094 1513 3097 1457 3094 1334 2865 1313 2862 1313 2858 1313 2802 1334 2795 1337 2170 1337 2159 1334 2135 1313 2131 1313 2128 1313 1945 1313 1942 1313 1938 1313 1882 1334 1861 1337 1780 1334 1492 1309 1489 1309 1485 1309 1439 1334 1432 1334 1425 1334 1359 1309 1355 1309 1352 1309 1348 1309 1306 1334 1299 1337 1208 1337 1204 1334 1176 1309 1172 1309 1169 1309 941 1309 937 1309 934 1309 930 1309 899 1334 892 1334 625 1334 625 1450"/></Shape>
	    <String CONTENT="que de toutes bonnes uertus tant du"
                    HPOS="625"
                    VPOS="1309"
                    WIDTH="2472"
                    HEIGHT="215"
                    WC="0.9758653112820217"></String>
          </TextLine>

          
          
          <TextLine ID="eSc_line_7d3889b0"
                    TAGREFS="LT4690"
                    BASELINE="621 1643 3111 1653" 
                    HPOS="618"
                    VPOS="1495"
                    WIDTH="2493"
                    HEIGHT="236">
            <Shape><Polygon POINTS="621 1643 618 1699 674 1724 677 1724 681 1724 2261 1710 2324 1731 2328 1731 2331 1731 3108 1710 3111 1653 3101 1513 3034 1534 2921 1534 2886 1513 2865 1502 2862 1502 2858 1502 2356 1517 1861 1527 1840 1517 1812 1499 1808 1499 1805 1499 1566 1499 1562 1499 1559 1499 1489 1520 1453 1527 1436 1520 1394 1495 1390 1495 1137 1495 1134 1495 1130 1495 1085 1520 1074 1527 934 1527 927 1520 902 1499 899 1499 895 1499 892 1499 888 1499 846 1520 839 1524 621 1524 621 1643"/></Shape>
	    <String CONTENT="milite de sens et de courtoisie estoient"
                    HPOS="618"
                    VPOS="1495"
                    WIDTH="2493"
                    HEIGHT="236"
                    WC="0.9861707866191864"></String>
          </TextLine>

          
          
          <TextLine ID="eSc_line_f02aeb6b"
                    TAGREFS="LT4690"
                    BASELINE="614 1840 3129 1833" 
                    HPOS="611"
                    VPOS="1692"
                    WIDTH="2518"
                    HEIGHT="228">
            <Shape><Polygon POINTS="621 1917 642 1903 744 1917 786 1920 790 1920 793 1920 804 1917 839 1899 1014 1899 1060 1913 1078 1920 1081 1920 1085 1920 1278 1913 1626 1899 1752 1910 1850 1920 1854 1920 1857 1920 1861 1920 1871 1910 1892 1896 1963 1896 1980 1910 1987 1917 1991 1917 1994 1917 1998 1917 2065 1910 2177 1896 2272 1910 2338 1917 2342 1917 2409 1906 2493 1896 2521 1906 2542 1917 2546 1917 2549 1917 2619 1906 2672 1899 2683 1906 2693 1917 2697 1917 2700 1917 2704 1917 3125 1903 3129 1833 3122 1717 3006 1692 3002 1692 2862 1713 2799 1699 2795 1699 2791 1699 2356 1717 2342 1717 2310 1692 2307 1692 2303 1692 2191 1692 2187 1692 2184 1692 2124 1717 2068 1692 2065 1692 2061 1692 1875 1720 1854 1720 1745 1720 698 1696 695 1696 691 1696 611 1720 614 1840"/></Shape>
	    <String CONTENT="tellement garnis que se en ce cemps les."
                    HPOS="611"
                    VPOS="1692"
                    WIDTH="2518"
                    HEIGHT="228"></String>
          </TextLine>

          
          
          <TextLine ID="eSc_line_e40b94a3"
                    TAGREFS="LT4690"
                    BASELINE="611 2033 3230 2040" 
                    HPOS="611"
                    VPOS="1885"
                    WIDTH="2619"
                    HEIGHT="236">
            <Shape><Polygon POINTS="3223 1889 2324 1917 2068 1889 2054 1889 2050 1889 2043 1889 1921 1917 1770 1896 1766 1896 1057 1913 944 1889 916 1885 913 1885 856 1889 646 1913 618 1892 611 2033 611 2114 776 2099 814 2114 825 2117 828 2117 832 2121 1489 2121 1489 2117 1492 2117 1513 2107 1545 2092 1787 2092 1805 2107 1819 2117 1822 2117 1826 2117 1829 2121 2707 2121 2707 2117 2711 2117 2756 2099 3079 2121 3083 2121 3227 2092 3230 2040 3223 1889"/></Shape>
	    <String CONTENT="uertus eussent este pardues en eulx eussẽt"
                    HPOS="611"
                    VPOS="1885"
                    WIDTH="2619"
                    HEIGHT="236"
                    WC="0.9856707966604898"></String>
          </TextLine>

          
          
          <TextLine ID="eSc_line_9eda077f"
                    TAGREFS="LT4690"
                    BASELINE="614 2229 3220 2243" 
                    HPOS="611"
                    VPOS="2085"
                    WIDTH="2609"
                    HEIGHT="250">
            <Shape><Polygon POINTS="614 2229 611 2317 748 2328 751 2328 755 2328 758 2328 769 2317 800 2296 1071 2296 1127 2317 1141 2321 1144 2321 1148 2321 1176 2317 1264 2296 1387 2296 1425 2314 1467 2331 1471 2331 1475 2331 1945 2314 2033 2335 2036 2335 2040 2335 2275 2317 2458 2335 2461 2335 2465 2335 2546 2314 2602 2335 2605 2335 2609 2335 2612 2335 2616 2335 2647 2307 2651 2307 2700 2307 2714 2307 2872 2335 2876 2335 2879 2335 2932 2307 2935 2307 3216 2307 3220 2243 3213 2099 3090 2121 2999 2099 2967 2092 2964 2092 2816 2099 2612 2110 2588 2099 2570 2092 2567 2092 2289 2092 2286 2092 2282 2092 2279 2092 2268 2103 2254 2114 2226 2103 2212 2096 2209 2096 2205 2096 2201 2096 2198 2096 2191 2103 2163 2117 2065 2103 2036 2099 2033 2099 2012 2103 1942 2117 1889 2103 1822 2085 1819 2085 1545 2085 1541 2085 1538 2085 1534 2085 1510 2103 1499 2114 1352 2114 1260 2107 1116 2092 1113 2092 1109 2092 1053 2107 1036 2110 986 2107 825 2092 821 2092 614 2107 614 2229"/></Shape>
	    <String CONTENT="este recouurces Apres les festes de pente"
                    HPOS="611"
                    VPOS="2085"
                    WIDTH="2609"
                    HEIGHT="250"></String>
          </TextLine>

          
          
          <TextLine ID="eSc_line_82483dcd"
                    TAGREFS="LT4690"
                    BASELINE="604 2437 3153 2444" 
                    HPOS="604"
                    VPOS="2289"
                    WIDTH="2549"
                    HEIGHT="221">
            <Shape><Polygon POINTS="604 2437 604 2510 3150 2507 3153 2444 3150 2328 3104 2328 3104 2324 3065 2293 3062 2293 3058 2293 2823 2293 2820 2293 2816 2293 2813 2293 2788 2310 2669 2293 2665 2293 2662 2293 2658 2293 2619 2324 2616 2328 2451 2328 2447 2324 2416 2303 2412 2303 2409 2303 2405 2303 2296 2324 2289 2324 2279 2324 2187 2300 2184 2300 2180 2300 2177 2300 2131 2321 2072 2296 2068 2296 2065 2296 1928 2324 1910 2324 1882 2324 1703 2303 1699 2303 1422 2321 1411 2321 1408 2321 1383 2300 1380 2300 1376 2300 1201 2289 1004 2289 1000 2289 997 2289 934 2317 902 2289 899 2289 895 2289 797 2289 793 2289 790 2289 726 2321 723 2321 604 2321 604 2437"/></Shape>
	    <String CONTENT="coste auint que ung iour apres disner·"
                    HPOS="604"
                    VPOS="2289"
                    WIDTH="2549"
                    HEIGHT="221"></String>
          </TextLine>

          
          
          <TextLine ID="eSc_line_eb73eb07"
                    TAGREFS="LT4690"
                    BASELINE="600 2637 3122 2654" 
                    HPOS="597"
                    VPOS="2496"
                    WIDTH="2525"
                    HEIGHT="236">
            <Shape><Polygon POINTS="600 2637 597 2703 2131 2732 2135 2732 3118 2718 3122 2654 3118 2538 2170 2510 2166 2510 2163 2510 2142 2521 2110 2535 2033 2517 1973 2507 1970 2507 1966 2507 1938 2517 1896 2531 1822 2514 1794 2510 1791 2510 1787 2510 1770 2514 1696 2531 1338 2531 1309 2507 1306 2503 1302 2503 1299 2503 1295 2503 1292 2503 1281 2507 1215 2524 1148 2503 1144 2503 1141 2503 1137 2503 1123 2503 972 2524 937 2500 934 2500 930 2500 927 2500 916 2500 783 2521 600 2496 600 2637"/></Shape>
	    <String CONTENT="le roy et la royne pour festier ceulx et"
                    HPOS="597"
                    VPOS="2496"
                    WIDTH="2525"
                    HEIGHT="236"
                    WC="0.9923098385334015"></String>
          </TextLine>

          
          
          <TextLine ID="eSc_line_5017a8bc"
                    TAGREFS="LT4690"
                    BASELINE="604 2840 3090 2862" 
                    HPOS="600"
                    VPOS="2700"
                    WIDTH="2490"
                    HEIGHT="235">
            <Shape><Polygon POINTS="604 2840 600 2886 1032 2925 1945 2928 1949 2928 1952 2928 2015 2904 2019 2904 2233 2904 2240 2907 2296 2935 2300 2935 2303 2935 2430 2918 2616 2935 2619 2935 2623 2935 2704 2911 2711 2911 2728 2911 2876 2932 2879 2932 3086 2914 3090 2862 3086 2749 2960 2718 2781 2718 2777 2718 2774 2718 2683 2742 2623 2714 2619 2714 2616 2714 2521 2732 2461 2714 2458 2714 2454 2714 2451 2714 2381 2739 2293 2714 2289 2714 2286 2714 2110 2739 2107 2739 2072 2711 2068 2711 2065 2711 2061 2711 1864 2739 1847 2739 1840 2739 1773 2707 1770 2707 1766 2707 1762 2707 1654 2735 1650 2739 1475 2739 1471 2735 1404 2703 1401 2703 1397 2703 1394 2703 1309 2725 1274 2703 1271 2703 1267 2703 1264 2703 1260 2703 1257 2703 1225 2732 1000 2732 962 2732 962 2728 874 2700 870 2700 867 2700 604 2725 604 2840"/></Shape>
	    <String CONTENT="celles qui estoient uenus commanda·"
                    HPOS="600"
                    VPOS="2700"
                    WIDTH="2490"
                    HEIGHT="235"></String>
          </TextLine>

          
          
          <TextLine ID="eSc_line_fbd8a305"
                    TAGREFS="LT4690"
                    BASELINE="611 3048 3164 3055" 
                    HPOS="611"
                    VPOS="2890"
                    WIDTH="2553"
                    HEIGHT="249">
            <Shape><Polygon POINTS="611 3048 611 3118 811 3107 835 3118 863 3132 867 3132 870 3132 955 3118 1028 3104 1081 3118 1102 3121 1106 3121 1109 3121 1113 3121 1130 3114 1151 3107 1165 3114 1183 3128 1187 3128 1190 3128 1194 3128 1338 3114 1485 3100 1562 3114 1668 3132 1671 3132 1675 3132 1734 3111 1770 3100 1822 3111 1938 3135 1942 3139 2254 3139 2254 3135 2391 3111 2591 3111 2619 3135 2623 3135 2626 3135 2630 3135 2886 3114 3034 3135 3037 3135 3041 3135 3044 3135 3083 3104 3160 3104 3164 3055 3164 2939 2939 2939 2935 2935 2872 2893 2869 2893 2865 2893 2862 2893 2690 2897 2528 2935 2518 2935 2507 2935 2363 2893 2360 2893 2356 2893 2352 2893 2349 2893 2310 2918 2258 2893 2254 2893 1998 2893 1994 2893 1991 2893 1921 2925 1878 2897 1875 2897 1871 2897 1734 2890 1731 2890 1727 2890 1619 2928 1608 2932 1548 2928 1334 2914 1331 2914 1165 2928 1095 2932 1085 2928 1028 2890 1025 2890 1021 2890 1018 2890 1014 2890 892 2925 888 2925 885 2925 695 2890 691 2890 688 2890 611 2921 611 3048"/></Shape>
	    <String CONTENT="faire dancier et esbatre Alors chĩm a·"
                    HPOS="611"
                    VPOS="2890"
                    WIDTH="2553"
                    HEIGHT="249"></String>
          </TextLine>

          
          
          <TextLine ID="eSc_line_37a48e56"
                    TAGREFS="LT4690"
                    BASELINE="604 3234 3269 3255" 
                    HPOS="604"
                    VPOS="3093"
                    WIDTH="2665"
                    HEIGHT="236">
            <Shape><Polygon POINTS="604 3234 604 3307 1043 3293 1288 3307 1387 3315 1390 3315 1422 3307 1485 3297 1524 3307 1552 3318 1555 3318 1559 3318 1692 3307 1822 3300 1875 3307 1942 3322 1945 3322 2440 3307 2560 3307 2612 3307 2918 3329 2921 3329 3266 3307 3269 3255 3269 3111 3164 3107 3160 3107 3157 3107 3153 3111 3101 3139 3016 3139 2974 3111 2974 3107 2971 3107 2967 3107 2964 3107 2925 3111 2735 3128 2630 3111 2626 3111 2623 3111 2619 3111 2584 3125 2567 3111 2560 3104 2556 3104 2553 3104 2549 3104 2546 3104 2518 3111 2433 3132 2381 3111 2356 3100 2352 3100 2349 3100 2300 3111 2216 3132 1942 3132 1914 3111 1896 3097 1892 3097 1889 3097 1885 3097 1706 3111 1661 3114 1654 3111 1633 3097 1629 3097 1626 3097 1622 3097 1619 3097 1576 3111 1538 3125 1425 3125 1404 3111 1383 3097 1380 3097 1376 3097 1373 3097 1369 3097 1316 3111 1281 3121 1229 3111 1144 3097 1141 3097 1137 3097 1081 3111 1050 3121 1032 3111 993 3093 990 3093 986 3093 983 3093 916 3111 906 3114 870 3114 674 3097 670 3097 604 3111 604 3234"/></Shape>
	    <String CONTENT="son pouoir se aquita au mieulx quil peust"
                    HPOS="604"
                    VPOS="3093"
                    WIDTH="2665"
                    HEIGHT="236"
                    WC="0.9774154933487497"></String>
          </TextLine>

          
          
          <TextLine ID="eSc_line_de3cb3b2"
                    TAGREFS="LT4690"
                    BASELINE="604 3430 3283 3458" 
                    HPOS="604"
                    VPOS="3286"
                    WIDTH="2679"
                    HEIGHT="243">
            <Shape><Polygon POINTS="604 3430 604 3494 705 3483 726 3497 741 3504 744 3504 748 3504 751 3504 807 3497 892 3483 1011 3497 1109 3508 1113 3508 1116 3508 1155 3497 1201 3487 1267 3497 1348 3511 1352 3511 1436 3497 1478 3494 1555 3501 1748 3515 1752 3515 1755 3515 1787 3501 1801 3494 1942 3494 2022 3501 2194 3518 2946 3529 2950 3529 3280 3504 3283 3458 3283 3343 3185 3318 3181 3318 3178 3318 3101 3339 3097 3339 3044 3311 3041 3311 3037 3311 2732 3336 2711 3336 2707 3336 2658 3307 2655 3307 2651 3307 2539 3332 2514 3311 2511 3311 2507 3311 2504 3311 2440 3322 2388 3304 2384 3304 2381 3304 2377 3304 2328 3325 2272 3300 2268 3300 2265 3300 2082 3307 2079 3307 2075 3307 2043 3329 2040 3329 1949 3304 1945 3304 1942 3304 1938 3304 1889 3325 1555 3307 1552 3307 1355 3322 1331 3322 1327 3322 1302 3304 1299 3304 1295 3304 1292 3304 1109 3318 1099 3318 1092 3318 937 3286 723 3286 719 3286 604 3311 604 3430"/></Shape>
	    <String CONTENT="chlr̃s dames et damoiselles y chantoient."
                    HPOS="604"
                    VPOS="3286"
                    WIDTH="2679"
                    HEIGHT="243"></String>
          </TextLine>

          
          
          <TextLine ID="eSc_line_973ebaa1"
                    TAGREFS="LT4690"
                    BASELINE="600 3638 3118 3652" 
                    HPOS="600"
                    VPOS="3480"
                    WIDTH="2518"
                    HEIGHT="263">
            <Shape><Polygon POINTS="600 3638 604 3729 695 3704 811 3704 846 3729 849 3732 853 3732 856 3732 860 3732 863 3732 867 3732 870 3729 913 3704 1208 3704 1250 3722 1253 3722 1257 3722 1345 3711 1362 3725 1373 3732 1373 3736 1376 3736 1380 3736 1383 3736 1432 3725 1471 3718 1597 3725 1861 3739 1864 3739 2360 3722 2454 3718 2496 3718 2788 3743 2791 3743 2795 3743 2851 3718 3115 3715 3118 3652 3115 3529 2777 3490 2774 3490 2770 3490 2767 3490 2711 3525 2707 3525 2419 3525 2419 3522 2388 3497 2384 3497 2381 3497 2377 3497 2265 3522 2212 3494 2209 3494 1857 3483 1854 3483 1626 3518 1619 3518 1590 3518 1383 3511 1320 3483 1316 3483 1313 3483 1309 3483 1229 3515 1106 3490 1102 3490 1099 3490 1004 3515 1000 3515 888 3487 885 3487 881 3487 877 3487 874 3487 846 3508 786 3480 783 3480 779 3480 600 3511 600 3638"/></Shape>
	    <String CONTENT="pluseurs chancons  La contesse de·"
                    HPOS="600"
                    VPOS="3480"
                    WIDTH="2518"
                    HEIGHT="263"></String>
          </TextLine>

          
          
          <TextLine ID="eSc_line_ce2202b2"
                    TAGREFS="LT4690"
                    BASELINE="604 3831 3245 3855" 
                    HPOS="600"
                    VPOS="3694"
                    WIDTH="2645"
                    HEIGHT="246">
            <Shape><Polygon POINTS="604 3831 600 3901 2114 3933 2117 3933 2907 3922 2932 3940 2935 3940 2939 3940 2943 3940 3241 3919 3245 3855 3241 3715 2553 3739 2482 3715 2458 3708 2454 3708 2451 3708 2447 3708 2430 3715 2391 3736 2293 3715 2244 3708 2240 3708 2187 3715 2093 3736 1777 3736 1373 3718 667 3694 663 3694 660 3694 604 3718 604 3831"/></Shape>
	    <String CONTENT="besancon qui en cetens estoit moult belle"
                    HPOS="600"
                    VPOS="3694"
                    WIDTH="2645"
                    HEIGHT="246"
                    WC="0.9952906864445384"></String>
          </TextLine>

          
          
          <TextLine ID="eSc_line_d101f3c5"
                    TAGREFS="LT4690"
                    BASELINE="600 4038 3139 4055" 
                    HPOS="597"
                    VPOS="3897"
                    WIDTH="2542"
                    HEIGHT="243">
            <Shape><Polygon POINTS="600 4038 597 4101 888 4126 892 4126 1099 4108 1130 4129 1134 4129 1137 4129 1141 4133 1250 4133 1250 4129 1253 4129 1257 4129 1281 4108 1285 4108 1316 4108 1699 4133 1703 4133 1706 4133 1710 4133 1738 4112 1741 4112 1819 4133 1822 4133 1826 4133 2065 4115 2082 4115 2086 4115 2135 4133 2138 4133 2142 4133 2598 4122 2739 4140 2742 4140 3136 4122 3139 4055 3132 3933 2662 3936 2577 3929 2370 3908 2367 3908 2363 3908 2324 3929 2314 3936 2138 3936 2124 3926 2079 3904 2075 3904 2072 3904 2068 3904 2065 3904 2040 3926 2033 3933 1906 3933 1885 3926 1787 3904 1784 3904 1780 3904 1777 3904 1745 3926 1734 3933 1643 3933 1633 3926 1594 3901 1590 3901 1587 3901 1285 3901 1281 3901 1165 3922 1151 3926 1148 3922 1113 3897 1109 3897 1106 3897 1102 3897 1099 3897 1007 3922 941 3897 937 3897 934 3897 765 3922 755 3922 748 3922 670 3897 667 3897 663 3897 660 3897 600 3919 600 4038"/></Shape>
	    <String CONTENT="dame se prinst a chanter. Apres ce que"
                    HPOS="597"
                    VPOS="3897"
                    WIDTH="2542"
                    HEIGHT="243"
                    WC="0.9833929005422091"></String>
          </TextLine>

          
          
          <TextLine ID="eSc_line_595ec345"
                    TAGREFS="LT4690"
                    BASELINE="597 4228 3111 4256" 
                    HPOS="593"
                    VPOS="4091"
                    WIDTH="2518"
                    HEIGHT="245">
            <Shape><Polygon POINTS="597 4228 593 4284 663 4312 667 4312 670 4312 776 4294 1032 4315 1036 4315 1039 4315 1085 4294 1229 4319 1232 4319 1791 4305 1924 4326 2321 4329 2324 4329 2328 4329 2395 4312 2609 4333 2612 4333 2746 4308 2872 4336 2876 4336 3108 4308 3111 4256 3108 4143 2813 4143 2806 4140 2763 4112 2760 4112 2756 4112 2753 4112 2658 4133 2633 4112 2630 4112 2626 4112 2475 4112 2472 4112 2468 4112 2426 4133 2026 4133 2026 4129 1973 4105 1970 4105 1966 4105 1864 4129 1854 4129 1843 4126 1770 4101 1766 4101 1762 4101 1562 4126 1538 4126 1506 4122 1264 4098 1260 4098 1257 4098 1253 4098 1225 4122 1222 4122 1215 4119 1151 4098 1148 4098 1144 4098 1028 4112 874 4091 870 4091 597 4112 597 4228"/></Shape>
	    <String CONTENT="elle eust acheuee sa chancon Madame"
                    HPOS="593"
                    VPOS="4091"
                    WIDTH="2518"
                    HEIGHT="245"></String>
          </TextLine>

          
          
          <TextLine ID="eSc_line_021308b9"
                    TAGREFS="LT4690"
                    BASELINE="590 4417 3213 4438" 
                    HPOS="586"
                    VPOS="4284"
                    WIDTH="2627"
                    HEIGHT="239">
            <Shape><Polygon POINTS="590 4417 586 4477 1201 4508 1204 4508 1295 4491 1341 4508 1345 4508 1348 4508 1847 4498 1899 4516 1903 4516 1906 4516 2335 4494 2384 4519 2388 4519 2391 4519 2528 4505 2988 4523 2992 4523 2995 4523 2999 4523 3037 4501 3209 4501 3213 4438 3206 4301 3122 4329 2644 4329 2588 4301 2577 4298 2574 4298 2570 4298 2535 4301 2338 4326 2279 4301 2261 4294 2258 4294 2254 4294 2072 4298 2068 4298 2065 4298 2061 4301 2026 4322 1875 4322 1850 4301 1840 4291 1836 4291 1833 4291 1829 4291 1755 4301 1710 4308 1689 4301 1661 4291 1657 4291 1654 4291 1548 4301 1513 4305 1475 4301 1316 4287 1313 4287 1208 4301 1141 4312 1099 4301 1025 4284 1021 4284 1018 4284 923 4301 909 4305 902 4301 860 4284 856 4284 853 4284 849 4284 779 4301 765 4305 590 4305 590 4417"/></Shape>
	    <String CONTENT="aelis duchesse de bourgoingne cõmenca"
                    HPOS="586"
                    VPOS="4284"
                    WIDTH="2627"
                    HEIGHT="239"></String>
          </TextLine>

          
          
          <TextLine ID="eSc_line_f57660ae"
                    TAGREFS="LT4690"
                    BASELINE="590 4614 1924 4642 3178 4628" 
                    HPOS="586"
                    VPOS="4480"
                    WIDTH="2592"
                    HEIGHT="299">
            <Shape><Polygon POINTS="590 4614 586 4712 653 4712 730 4751 733 4751 737 4751 741 4751 744 4751 797 4716 860 4737 863 4737 867 4737 1018 4716 1144 4761 1148 4761 1151 4761 1155 4761 1236 4726 1373 4754 1376 4754 1380 4754 1475 4719 1601 4754 1604 4754 1608 4754 1611 4754 1668 4723 1727 4768 1731 4768 1734 4768 1738 4768 1741 4768 1833 4719 1942 4761 1945 4761 1949 4761 2124 4726 2216 4772 2219 4772 2223 4775 2486 4775 2486 4772 2489 4772 2588 4726 2697 4733 2749 4775 2753 4775 2756 4775 2760 4779 2872 4779 2872 4775 2876 4775 2879 4775 2907 4751 2995 4772 2999 4772 3002 4772 3006 4772 3009 4772 3076 4726 3174 4726 3178 4628 3167 4523 2939 4526 2925 4519 2907 4505 2904 4505 2900 4505 2897 4505 2893 4505 2890 4505 2872 4519 2862 4526 2820 4519 2697 4494 2693 4494 2637 4498 2633 4498 2630 4498 2609 4516 2584 4533 1910 4530 1875 4512 1826 4487 1822 4487 1819 4487 1815 4487 1766 4508 1745 4519 1710 4508 1682 4501 1678 4501 1675 4501 1671 4501 1647 4508 1587 4526 1446 4508 1348 4494 1345 4494 1211 4505 1204 4505 1201 4505 1172 4484 1169 4484 1165 4484 1162 4484 969 4505 944 4505 937 4505 913 4484 909 4484 906 4484 653 4480 649 4480 646 4480 590 4498 590 4614"/></Shape>
	    <String CONTENT="a chanter tenant son amy par la main"
                    HPOS="586"
                    VPOS="4480"
                    WIDTH="2592"
                    HEIGHT="299"></String>
          </TextLine>

          
        </TextBlock>
        
        <TextBlock HPOS="3764"
                   VPOS="6152"
                   WIDTH="151"
                   HEIGHT="81"
                   ID="eSc_textblock_75f6c419"
                   TAGREFS="BT11598">
          <Shape><Polygon POINTS="3901 6166 3915 6205 3764 6233 3771 6152"/></Shape>
          
        </TextBlock>
        

        
      </PrintSpace>
    </Page>
  </Layout>
</alto>
