4267 6350
614 709 3165 927 rent tous. et eulx la estans les ieunes
614 871 3275 1132 chlr̃s dames et damoiselles en eulx tenãs
603 1090 3257 1344 par les mains actendans que de nouuel
603 1291 3201 1538 uenist aucun pour rec̃omencier la feste·
607 1495 3215 1735 le roy loys se leua en pies en regardant
599 1686 3275 1929 par le palais choysist ung ieusne escuier
610 1901 3261 2137 soy permenant et tenant ung espriuier
599 2081 3236 2331 sur son poing. Le roy lappella et lui dist
592 2278 3282 2522 girart il uous fault uenir dancer mettez
603 2497 3165 2737 ius ur̃e espriuier et le bailliez a ung de
607 2698 3102 2942 uoz gens. Sire se dist girart ie suis
599 2896 3172 3136 prest de faire ur̃e uouloir ia soit ce q̃ de
599 3086 3134 3323 chanter me scay asses peu entremettre
596 3294 3158 3527 mais par ur̃e commandement lequel
596 3488 3127 3735 ne uouldroye trespasser en feray mon·
578 3693 3084 3944 pouoir ¶Icellui girart estoit filz du·
585 3912 3321 4138 conte de neuers lequel de nouuel estoit
596 4102 3134 4321 trespasse et nauoit icellui girart que·
571 4289 3211 4536 dix sept ans¶Mais tant uous ose dire·
575 4494 3247 4766 que pour cellui iour le pareil en beaute
