4267 6534
1140 747 2614 236 lui despleust ie gaigeroye ma terre alen

1129 929 2778 268 contre de lui Equi ainsi s est uente deuãt

1143 1147 2659 239 nous tous pourueu quil en foit content

1147 1353 2600 215 et qu il ne face point sauoir a samye la

1140 1557 2662 228 gaigure deans huit iours. que ie feray

1140 1749 2665 225 ma uolente delle fans ce que elle me re

1147 1949 2597 254 fuse. Et se ainsi ne le fais comme ie.

1147 2159 2607 236 uous dis ie lui donne ma terre et seig

1154 2355 2673 233 norie de forest et de beaulolois. Sautre

1140 2577 2658 247 part se delle ie fait mon plaisir laq̃lle

1136 2802 2618 236 chose ie ne doubte point que ie ne face

1125 3002 2633 214 Il me baillera pareillement fa terre et

1147 3194 2644 247 seignorie de neuers. Quant le ieusne

1133 3408 2614 254 conte de neuert girart oyst ainsi pler

1133 3619 2611 243 liziart soy confiant en la loyaulte de

1165 3826 2542 250 samye la belle euriant se leua fur

1129 4029 2600 250 pies et dist a haulte uoix que de chnm.

1140 4239 2651 251 fust entendu. et dist. Sire leziart de

1136 4443 2553 246 la gaigure que uoulez faire ne serez

1136 4650 2687 297 escondis. Ie uous donne ma conte de
