4267 6444
580 733 2680 204 a murmurer sur lui Sont il en y eust ung

573 902 2712 257 entre les autres nome liziart conte de forest

576 1116 2544 251 lui esmeu y une tres mauuaise enuie

576 1335 2533 240 si grande que a peu quil ne cceuoit car.

576 1539 2519 233 tant estoit selon et plain de mauuais

576 1750 2540 219 art que oncques en guenelon n en eust

569 1933 2555 236 austant urant homs estoit maigre et

580 2140 2522 237 sec hardy et aigre estoit en armes Et.

573 2344 2529 240 ainsi comme par fierte et desdaing se

573 2552 2608 247 trouua uers autuns chlrs quil sentoit

580 2760 2493 243 estre de sa part et leur dist comment

569 2971 2551 225 Sonques entre uous tous nauez oy ce

551 3157 2619 247 Uassal oultrecuidie aqui il semble que

562 3372 2712 233 nus de nous sedoye comparee alui nauez

569 3562 2626 250 oy ses uentanses comment il ua louant

566 3773 2669 240 samye qui croire le uouldroit de pareille

558 3984 2558 229 nauroit au monde ie scay bien le con

558 4177 2601 247 craire de ce quil a dit car il n est pas tãt

544 4374 2655 244 ame delle comme il cuide, Mais se ienc

540 4557 2627 308 audoye troubler le roy ne dire chose qui
