4267 6495
527 718 2534 256 Neuers ou cas que uous puissies uenir.

501 934 2556 249 a chief de l emprinse que uoulet faire et

512 1140 2628 241 auec ce uous prometz que par nul hõme

512 1367 2556 231 uiuant ne le feray sauoir a mamye en

527 1562 2498 227 quelque maniere que ce son ¶ Le roy

519 1746 2567 256 qui la estoit pñt oyant la gaigure des

501 1944 2621 267 Seux uaffaulx appella liziart et lui dist

509 2154 2628 270 que de ceste gaigure se pouoit asses depor

505 2367 2671 252 ter et que a sun ou a lautre porroit uenir

505 2569 2606 267 atrop grant damag ¶Sire dit liziart

505 2778 2520 260 pour riens ne men uouldroye deporter

516 2980 2595 263 Quãt il oyst ces paroles il lui dist qu il

505 3171 2549 274 se gardast bien quil feroit car se il ne

509 3381 2530 263 uenoit achief de son emprise ce seroit

490 3583 2549 285 pour perdre sa terre et que en grant fo

494 3781 2679 300 lye se mettoit que pour honnir et deshon

494 4008 2556 271 norer autruy il se mettoit en auenture.

494 4196 2588 285 de perdre touII sire dist girat ie uoꝰ

480 4398 2620 274 supolie humblement que de ceste chose

494 4589 2563 376 uous uueilliez deporter de plus en ꝑler
