4267 6406
1153 709 3781 923 ne en force on ne trouuast en terre xp̃ienne
1158 891 3786 1126 Dieu et nature nauoient riens oblie ale
1164 1089 3711 1318 former se la beaute sens courtoisie hu
1158 1281 3711 1516 milite hardiesse et proesse qui en lui es
1201 1484 3663 1708 toient uous uouloye raconter au long·
1169 1686 3887 1916 ie uous pouroye amiyer Et auec ce estoit
1164 1863 3823 2135 le mieulx chantant et le mieulx denssãt
1196 2103 3887 2316 qui pour lors se trouuast en france. Quãt
1190 2300 3823 2535 il fust uenu ala feste il ny eust dames ne
1180 2476 3765 2722 damoiselles qui ne fussent esbayes et ne
1201 2690 3748 2925 changessent couleur de la beaute et des
1180 2861 3839 3160 belles et nobles uertus quelles uirent estre
1148 3074 3759 3357 en la personne de girart. et pareillemẽt
1164 3277 3770 3560 estoit samye/laquelle passoit en beaute
1148 3491 3791 3784 toutes les autres qui la estoient et estoit
1190 3688 3578 3961 la plus loyale en amours enuers son
1196 3918 3829 4158 amy que oncques on ueist. Le iouuẽcel
1185 4105 3791 4340 se approucha de la feste et prinst la cha
1174 4297 3775 4548 stellaine de diion par la main laquelle
1157 4494 3640 4800 moult courtoisement lui pria quil·
