4267 6406
1153 709 2628 214 ne en force on ne trouuast en terre xp̃ienne

1158 891 2628 235 Dieu et nature nauoient riens oblie ale

1164 1089 2547 229 former se la beaute sens courtoisie hu

1158 1281 2553 235 milite hardiesse et proesse qui en lui es

1201 1484 2462 224 toient uous uouloye raconter au long·

1169 1686 2718 230 ie uous pouroye amiyer Et auec ce estoit

1164 1863 2659 272 le mieulx chantant et le mieulx denssãt

1196 2103 2691 213 qui pour lors se trouuast en france. Quãt

1190 2300 2633 235 il fust uenu ala feste il ny eust dames ne

1180 2476 2585 246 damoiselles qui ne fussent esbayes et ne

1201 2690 2547 235 changessent couleur de la beaute et des

1180 2861 2659 299 belles et nobles uertus quelles uirent estre

1148 3074 2611 283 en la personne de girart. et pareillemẽt

1164 3277 2606 283 estoit samye/laquelle passoit en beaute

1148 3491 2643 293 toutes les autres qui la estoient et estoit

1190 3688 2388 273 la plus loyale en amours enuers son

1196 3918 2633 240 amy que oncques on ueist. Le iouuẽcel

1185 4105 2606 235 se approucha de la feste et prinst la cha

1174 4297 2601 251 stellaine de diion par la main laquelle

1157 4494 2483 306 moult courtoisement lui pria quil·
