4267 6388
580 739 2493 224 uoulsist dire une chancon ¶Madamoi

569 926 2542 239 selle dist il uoz prieres me soient commã

548 1133 2531 213 demens ia dieu ne plaise que le uous re

564 1304 2536 255 fuse¶ Lors girart de neuers se prinst a·

554 1506 2690 229 chanter apres ce ledit girart aqui gaires

575 1724 2594 208 ne chaloit des enuieux eust dicte sa chan

569 1900 2520 245 con Il se arresta et dist que bien auoit

575 2102 2525 234 raison de chanter et mener ioye quant·

548 2299 2557 245 il amoit et estoit ame de la plus belle ⁊

554 2517 2530 251 plus assouuye qui fust en france et que

591 2725 2567 229 ce uouloit maintenir et prouuer alencõ

585 2911 2712 224 tre de tous ceulx qui le contraire uouldroiẽt

601 3146 2504 191 dire puis dist que en mer nestoit mie

554 3305 2588 277 sans mast Mais cellui estoit sans mast

575 3524 2509 218 ou en tel lieu auoit son cuer mis ou il ne

569 3699 2542 272 scet sil est ame. Et pour ce puis ie bien

554 3917 2647 235 dire et affermer que pas ne suis cellui qui

543 4109 2514 256 ayme sans partie. Car delle suis ame·

532 4295 2605 235 plus que dire ne uous sauroye. Et pour

532 4498 2589 314 ce que delle me suis uente pour amour.
