4267 6722
1076 806 2703 235 uous ueoir. Sire dit enriant il ſoffiroit

1065 980 2708 297 bien de moindre meſſage que uous et ſil

1076 1204 2624 269 uous plaiſt uous uiendrez prendre la·

1070 1428 2731 258 pacience au diſner au loſtel de telz biens

1065 1602 2759 291 qui y ſont ¶Ma damoiſelle diſt il ie ſuis

1070 1809 2664 252 preſt de faire tout ce quil uous plaira·

1065 2016 2714 252 Adoncques la belle enriant prinſt con

1065 2223 2792 269 gie de lui et ſen uinſt ou chaſtel de neuers

1070 2425 2726 286 qui alors eſtoit pres de legliſe et cõmãda

1070 2655 2675 269 a ſon maiſtre doſtel quil feiſt auancier

1070 2851 2681 274 le diſner Cependant liziart partiſt de

1076 3092 2708 218 ſon logis et rencontra le chaſtellain du

1065 3299 2630 218 quel il eſtoit bien accomte. et lui pria·

1070 3484 2714 257 chierement quil le uoulſiſt logier en ſa

1076 3674 2725 258 maiſon ¶Le chaſtellain qui en nul mal

1070 3921 2686 207 ne penſoit lui diſt que bien fuſt il uenu

1070 4100 2630 263 et que grant honneur lui feroit de y lo

1065 4330 2680 218 gier. Mon amy dit liziart ie uous nier

1065 4514 2781 247 cie chierement puis liziart ala en loſtel

1054 4694 2764 319 du chaſtellain et fut moult bien receu·
