4267 6606
1237 778 2523 227 a liziart . Car de certain ie cuide que -

1222 968 2578 257 auant ce quil en peuſt uenir achief a

1222 1181 2615 231 mon aduis il auroit plus toſt cõquis,

1222 1379 2608 261 les alemaignes. Quant le roy uiſt q̃

1230 1570 2555 276 de ceſte fole empriſe ne les porroit en·

1230 1790 2533 257 riens deſtourber leur diſt que pour·

1237 1989 2567 260 aſſeurer la choſe uouloit que chĩm

1233 2205 2655 279 deulx baillaſt plaige ſouffisant poͬ·

1237 2418 2629 264 la gaigeure entretenir. Lors leziart

1237 2627 2515 257 bailla plaiges et le roy reſpondiſt

1241 2844 2622 264 pour girart de neuers apres que les

1241 3053 2544 261 plaiges furent liurez leziart aqui

1233 3255 2619 246 il tardoit de ſon emprinſe mettre a fin

1222 3460 2630 276 au plus toſt quil peuſt se partiſt de

1237 3670 2644 278 la court du roy lui. ui ͤ. de chlr̃s uestuz

1237 3897 2570 253 et abilliez en maniere de pelerins et

1237 4110 2570 249 tant exploita de cheuauchier que a·

1233 4330 2655 239 ung ſoir bien tart il ariua a primery

1237 4514 2706 264 qui eſt a cinq lieuues de neuers. Apres

1244 4719 2619 290 ce quilz eurent ſouppe alerent dormir

3606 5233 367 268 mais.
