4267 6482
544 738 2634 259 dormir mais liziart ne peuſt prendre

540 932 2620 292 ung ſeul ſomme tant auoit paour de

540 1148 2595 281 perdre ſa gaigure. Quant uinſt au·

540 1382 2584 245 bien matin ilz ſe partirent de primiery

540 1555 2620 267 et uindrent a neuers droit a leure que

547 1735 2631 270 la belle Enriant reuenoit de legliſe ¶

529 1944 2649 263 Liziart qui des honneurs mondains ſa

540 2153 2645 259 uoit aſſes deſcendit incontinent de ſon

536 2365 2689 256 mulet emblant et pareillement ſes gẽs

529 2571 2566 273 La noble damoiselle ueant les chlr̃s

554 2801 2566 249 deſcendus pour uenir ſaluer liziart ſe

547 3003 2588 238 arreſta elle et ſes damoiſelles. liziart

562 3197 2692 245 ueant ce uint a elle et la ſalua humble

554 3406 2610 231 ment et baiſa en la bouche et apres ſes

547 3611 2613 238 damoiſelles ¶La belle euriant qui bñ

554 3827 2559 231 le cognoiſſoit lui diſt moult courtoiſe

565 4029 2584 231 ment que de ſa uenue eſtoit moult ioy

569 4224 2606 244 euſe ¶Belle dit liziart par moy girart

554 4436 2613 216 uous mande ſalut auquel a mon ꝑte

551 4620 2703 291 ment auoye promis de non paſſer ſans.
