<?xml version="1.0" encoding="UTF-8"?>
<alto xmlns:xsi="http://www.w3.org/2001/XMLSchema-instance"
      xmlns="http://www.loc.gov/standards/alto/ns-v4#"
      xsi:schemaLocation="http://www.loc.gov/standards/alto/ns-v4# http://www.loc.gov/standards/alto/v4/alto-4-2.xsd">
  <Description>
    <MeasurementUnit>pixel</MeasurementUnit>
    <sourceImageInformation>
      <fileName>Gérard_de_Nevers_mise_en_...Gerbert_de_btv1b10532591q.pdf_page_4.png</fileName>
      <fileIdentifier>pdf//Gérard_de_Nevers_mise_en_...Gerbert_de_btv1b10532591q.pdf</fileIdentifier>
    </sourceImageInformation>
  </Description>
  
  <Tags>
    <OtherTag ID="BT1" LABEL="Title" DESCRIPTION="block type Title"/><OtherTag ID="BT2" LABEL="Main" DESCRIPTION="block type Main"/><OtherTag ID="BT3" LABEL="Commentary" DESCRIPTION="block type Commentary"/><OtherTag ID="BT4" LABEL="Illustration" DESCRIPTION="block type Illustration"/><OtherTag ID="BT11598" LABEL="text" DESCRIPTION="block type text"/>
    <OtherTag ID="LT4690" LABEL="default" DESCRIPTION="line type default"/>
  </Tags>
  
  <Layout>
    <Page WIDTH="4267"
          HEIGHT="6308"
          PHYSICAL_IMG_NR="1"
          ID="eSc_dummypage_">
      <PrintSpace HPOS="0"
                  VPOS="0"
                  WIDTH="4267"
                  HEIGHT="6308">
        
        <TextBlock HPOS="1009"
                   VPOS="714"
                   WIDTH="2851"
                   HEIGHT="4034"
                   ID="eSc_textblock_3e23a76e"
                   TAGREFS="BT11598">
          <Shape><Polygon POINTS="3709 714 3804 756 3776 1216 3860 1920 3776 2551 3818 2856 3748 2929 3804 3350 3804 4678 3383 4748 1093 4678 1009 3196 1065 2800 1107 742 3709 714"/></Shape>
          
          
          <TextLine ID="eSc_line_ccbcca22"
                    TAGREFS="LT4690"
                    BASELINE="1118 865 3691 865" 
                    HPOS="1118"
                    VPOS="725"
                    WIDTH="2573"
                    HEIGHT="221">
            <Shape><Polygon POINTS="2668 725 2664 725 2661 725 2657 725 2629 749 2626 753 2619 749 2601 739 2598 739 2594 739 2524 749 2471 756 2447 749 2408 735 2405 735 2401 735 2398 735 2356 749 2338 756 2328 749 2293 728 2289 728 2286 728 2282 728 2156 746 2110 728 2100 728 2065 732 2030 732 1995 732 1959 732 1924 732 1893 753 1886 760 1696 760 1689 756 1651 735 1647 735 1644 735 1640 735 1567 756 1563 756 1560 756 1511 735 1504 735 1469 735 1448 735 1398 753 1318 739 1293 739 1258 739 1223 739 1188 739 1181 739 1118 756 1118 865 1118 914 1332 914 1391 942 1395 942 1398 946 1560 946 1560 942 1563 942 1567 942 1595 921 1753 942 1756 942 1760 942 1816 918 1819 914 1826 918 1865 942 1868 942 1872 942 1875 942 1998 921 2107 942 2110 946 2373 946 2373 942 2377 942 2450 921 2468 918 2584 918 2598 921 2633 942 2636 942 2640 942 2780 925 2832 918 2868 925 2952 942 2955 946 3123 946 3123 942 3127 942 3131 942 3148 925 3152 925 3176 925 3327 942 3330 942 3334 942 3379 928 3415 918 3457 928 3513 942 3516 942 3520 942 3523 942 3562 928 3586 921 3688 928 3691 865 3691 742 3372 725 3369 725 3365 725 3316 742 3306 746 3295 742 3222 725 3218 725 3215 725 3211 725 3138 746 3088 760 2759 760 2731 746 2671 725 2668 725"/></Shape>
	    <String CONTENT="obeyssance et lui firent homaige pluse.ͬ ̾"
                    HPOS="1118"
                    VPOS="725"
                    WIDTH="2573"
                    HEIGHT="221"></String>
          </TextLine>

          
          
          <TextLine ID="eSc_line_ee5ab8b4"
                    TAGREFS="LT4690"
                    BASELINE="1118 1051 3677 1051" 
                    HPOS="1118"
                    VPOS="907"
                    WIDTH="2559"
                    HEIGHT="221">
            <Shape><Polygon POINTS="1118 1051 1118 1082 1230 1124 1234 1124 1237 1124 1241 1124 1244 1124 1265 1107 1377 1124 1381 1124 1486 1107 1749 1124 1753 1124 1756 1124 1760 1124 1781 1107 1865 1124 1868 1124 2033 1086 2212 1086 2296 1124 2300 1124 2303 1128 2499 1128 2499 1124 2503 1124 2506 1124 2552 1086 2787 1086 2847 1124 2850 1124 2854 1124 2857 1128 3232 1128 3232 1124 3236 1124 3351 1086 3677 1086 3677 1051 3677 939 3576 939 3541 907 3537 907 3534 907 3344 907 3341 907 3337 907 3271 935 3183 907 3180 907 3176 907 3173 907 3078 935 3025 907 3022 907 2825 907 2822 907 2818 907 2769 932 2601 935 2566 907 2563 907 2559 907 2492 907 2489 907 2485 907 2419 935 2331 911 2328 911 2324 911 2321 911 2268 939 2019 939 1938 907 1935 907 1931 907 1928 907 1858 939 1749 939 1567 907 1563 907 1560 907 1556 907 1511 939 1444 939 1381 907 1377 907 1374 907 1370 907 1265 935 1181 907 1178 907 1174 907 1171 907 1118 932 1118 1051"/></Shape>
	    <String CONTENT="de leurs uilles et chasteaulx fist abatre"
                    HPOS="1118"
                    VPOS="907"
                    WIDTH="2559"
                    HEIGHT="221"
                    WC="0.9887719052593883"></String>
          </TextLine>

          
          
          <TextLine ID="eSc_line_3a4bd4d7"
                    TAGREFS="LT4690"
                    BASELINE="1114 1240 3646 1230" 
                    HPOS="1111"
                    VPOS="1096"
                    WIDTH="2535"
                    HEIGHT="225">
            <Shape><Polygon POINTS="1114 1240 1114 1289 1402 1289 1409 1289 1448 1317 1451 1317 1455 1317 1458 1317 1619 1293 1661 1321 1665 1321 1668 1321 1672 1321 1675 1321 1749 1303 1872 1321 1875 1321 1879 1321 1882 1321 1917 1300 2089 1317 2093 1317 2096 1317 2138 1296 2310 1317 2314 1317 2675 1296 2738 1317 2741 1317 2745 1317 2748 1317 2808 1289 3425 1314 3429 1314 3642 1282 3646 1230 3639 1114 3365 1096 3362 1096 3358 1096 3355 1096 3330 1114 3316 1124 3004 1124 2994 1117 2962 1096 2959 1096 2955 1096 2952 1096 2861 1114 2804 1096 2801 1096 2797 1096 2794 1096 2734 1121 2720 1124 2699 1121 2633 1103 2629 1103 2626 1103 2622 1103 2577 1121 2566 1128 2110 1128 2107 1124 1987 1100 1984 1100 1980 1100 1977 1100 1945 1128 1938 1128 1865 1103 1861 1103 1658 1103 1654 1103 1651 1103 1588 1128 1584 1128 1391 1128 1363 1107 1360 1107 1356 1107 1353 1107 1349 1107 1265 1128 1230 1107 1227 1107 1223 1107 1220 1107 1111 1131 1114 1240"/></Shape>
	    <String CONTENT="et demollir puis apres lui ueant son"
                    HPOS="1111"
                    VPOS="1096"
                    WIDTH="2535"
                    HEIGHT="225"
                    WC="0.9918352034356859"></String>
          </TextLine>

          
          
          <TextLine ID="eSc_line_f4bcf038"
                    TAGREFS="LT4690"
                    BASELINE="1111 1433 3699 1426" 
                    HPOS="1107"
                    VPOS="1289"
                    WIDTH="2592"
                    HEIGHT="221">
            <Shape><Polygon POINTS="1111 1433 1111 1482 1356 1482 1363 1482 1416 1503 1419 1503 1423 1503 1728 1482 1749 1482 1756 1482 1851 1506 1854 1506 1858 1506 2023 1492 2335 1510 2338 1510 2475 1492 2920 1506 2924 1506 2927 1506 2931 1506 2952 1489 2990 1506 2994 1506 2997 1506 3274 1489 3548 1506 3551 1506 3555 1506 3558 1506 3600 1478 3695 1478 3699 1426 3691 1317 3579 1293 3576 1293 3572 1293 3492 1314 3450 1293 3446 1293 3443 1293 3439 1293 3390 1314 3386 1314 3383 1314 3316 1289 3313 1289 3309 1289 3176 1310 3159 1314 3138 1310 3029 1289 2654 1289 2650 1289 2647 1289 2608 1307 2594 1317 2464 1317 2447 1307 2415 1289 2412 1289 2408 1289 2405 1289 2401 1289 2380 1307 2359 1321 2107 1321 2082 1303 2075 1296 2072 1296 2068 1296 2065 1296 2023 1303 1931 1317 1760 1300 1679 1293 1675 1293 1672 1293 1668 1293 1661 1300 1633 1317 1493 1296 1472 1296 1469 1296 1451 1296 1307 1317 1258 1296 1251 1293 1248 1293 1244 1293 1107 1293 1111 1433"/></Shape>
	    <String CONTENT="royaume en paix pour faire excerciter sa"
                    HPOS="1107"
                    VPOS="1289"
                    WIDTH="2592"
                    HEIGHT="221"
                    WC="0.9857959792017936"></String>
          </TextLine>

          
          
          <TextLine ID="eSc_line_f2decac4"
                    TAGREFS="LT4690"
                    BASELINE="1111 1626 3783 1619" 
                    HPOS="1107"
                    VPOS="1482"
                    WIDTH="2676"
                    HEIGHT="228">
            <Shape><Polygon POINTS="1111 1626 1111 1675 1581 1675 1584 1675 1686 1710 1689 1710 1693 1710 1872 1692 1963 1710 1966 1710 1970 1710 1973 1710 2009 1689 2142 1706 2145 1706 2149 1706 2201 1689 2247 1706 2250 1706 2254 1706 2257 1706 2261 1706 2286 1689 2387 1706 2391 1706 2650 1689 2724 1706 2727 1706 2731 1706 2913 1678 3194 1706 3197 1706 3299 1685 3695 1706 3699 1706 3702 1706 3783 1668 3783 1619 3776 1496 3677 1482 3674 1482 3618 1492 3562 1506 3509 1492 3474 1485 3471 1485 3467 1485 3422 1492 3351 1506 3330 1492 3316 1482 3313 1482 3309 1482 3197 1482 3194 1482 3190 1482 3159 1492 3120 1510 2882 1510 2769 1492 2692 1482 2689 1482 2685 1482 2657 1492 2612 1510 2335 1510 2250 1489 2222 1485 2219 1485 2187 1489 2086 1510 2005 1489 1987 1485 1984 1485 1980 1485 1977 1485 1966 1489 1914 1510 1763 1492 1760 1492 1616 1510 1497 1489 1493 1489 1490 1489 1486 1489 1430 1506 1107 1489 1111 1626"/></Shape>
	    <String CONTENT="cheualerie affin de non cheoir en huiseuse"
                    HPOS="1107"
                    VPOS="1482"
                    WIDTH="2676"
                    HEIGHT="228"
                    WC="0.9859602607431865"></String>
          </TextLine>

          
          
          <TextLine ID="eSc_line_ad17a93d"
                    TAGREFS="LT4690"
                    BASELINE="1125 1832 3772 1815" 
                    HPOS="1121"
                    VPOS="1678"
                    WIDTH="2651"
                    HEIGHT="231">
            <Shape><Polygon POINTS="1125 1832 1125 1909 1335 1906 1339 1906 1342 1906 1370 1885 1444 1906 1448 1906 1451 1906 1455 1906 1458 1906 1462 1906 1518 1881 1553 1895 1556 1895 1560 1895 1679 1874 1991 1895 2117 1902 2121 1902 2173 1892 2264 1871 2598 1871 2647 1881 2703 1899 2706 1899 2710 1899 2713 1899 2762 1881 2790 1871 2815 1881 2850 1895 2854 1895 2857 1895 2861 1895 2899 1878 2910 1874 2962 1878 3218 1895 3222 1895 3225 1895 3267 1874 3516 1888 3520 1888 3523 1888 3600 1864 3611 1864 3769 1864 3772 1815 3762 1699 2906 1703 2776 1678 2773 1678 2769 1678 2703 1706 2703 1710 2612 1710 2454 1710 2405 1682 2401 1682 2184 1682 2180 1682 1903 1710 1693 1689 1689 1689 1686 1689 1598 1713 1160 1689 1157 1689 1153 1689 1150 1689 1121 1710 1125 1832"/></Shape>
	    <String CONTENT="fist par tout publier ioustes et tournois"
                    HPOS="1121"
                    VPOS="1678"
                    WIDTH="2651"
                    HEIGHT="231"
                    WC="0.9981143852559532"></String>
          </TextLine>

          
          
          <TextLine ID="eSc_line_44e32710"
                    TAGREFS="LT4690"
                    BASELINE="1107 2025 3814 2011" 
                    HPOS="1104"
                    VPOS="1871"
                    WIDTH="2710"
                    HEIGHT="238">
            <Shape><Polygon POINTS="1107 2025 1107 2078 1434 2099 1437 2099 1595 2078 1616 2074 1619 2078 1675 2106 1679 2106 1682 2109 1753 2109 1753 2106 1756 2106 1760 2106 1812 2074 1823 2071 2100 2071 2107 2074 2131 2092 2135 2092 2138 2092 2324 2099 2328 2099 2605 2078 2864 2095 2868 2095 2871 2095 2952 2071 3015 2099 3018 2099 3022 2102 3131 2102 3131 2099 3271 2081 3565 2095 3569 2095 3572 2095 3639 2064 3814 2064 3814 2011 3800 1871 3723 1906 3635 1906 3586 1874 3583 1874 3579 1874 3576 1874 3569 1874 3443 1902 3393 1885 3390 1885 3386 1885 3074 1909 2717 1909 2654 1888 2650 1888 2647 1888 2643 1888 2619 1888 2433 1909 2219 1909 2184 1895 2131 1881 2128 1881 2124 1881 1991 1899 1987 1899 1910 1885 1907 1885 1903 1885 1900 1885 1875 1902 1868 1906 1854 1902 1784 1881 1781 1881 1777 1881 1451 1902 1318 1885 1314 1885 1311 1885 1248 1913 1244 1916 1104 1916 1107 2025"/></Shape>
	    <String CONTENT="ou de pluseurs contrees uenoient en grãt"
                    HPOS="1104"
                    VPOS="1871"
                    WIDTH="2710"
                    HEIGHT="238"></String>
          </TextLine>

          
          
          <TextLine ID="eSc_line_561c154d"
                    TAGREFS="LT4690"
                    BASELINE="1118 2218 3699 2246" 
                    HPOS="1118"
                    VPOS="2078"
                    WIDTH="2581"
                    HEIGHT="248">
            <Shape><Polygon POINTS="1118 2218 1118 2253 1760 2253 1816 2260 1907 2274 1910 2274 1970 2260 1995 2256 2002 2263 2079 2312 2082 2312 2086 2312 2089 2312 2170 2295 2191 2312 2194 2312 2198 2312 2650 2316 2654 2316 2657 2316 2741 2281 2832 2319 2836 2319 3053 2323 3057 2326 3180 2326 3180 2323 3183 2323 3187 2323 3229 2291 3400 2305 3404 2305 3407 2305 3495 2274 3499 2274 3691 2274 3699 2246 3695 2127 3558 2099 3555 2099 3551 2099 3548 2099 3516 2123 3509 2130 3407 2130 3397 2123 3362 2095 3358 2095 3355 2095 3197 2095 3194 2095 3190 2095 3187 2095 3155 2120 3148 2123 3123 2120 2966 2095 2962 2095 2759 2116 2745 2116 2689 2088 2685 2088 2682 2088 2447 2113 2405 2116 2359 2113 2065 2081 1928 2081 1924 2081 1921 2081 1917 2081 1886 2109 1882 2109 1668 2109 1665 2106 1591 2078 1588 2078 1497 2078 1493 2078 1490 2078 1486 2078 1451 2102 1451 2106 1251 2106 1248 2102 1230 2085 1227 2085 1223 2085 1220 2085 1118 2099 1118 2218"/></Shape>
	    <String CONTENT="nombre. cest assauoir ducs contes et·"
                    HPOS="1118"
                    VPOS="2078"
                    WIDTH="2581"
                    HEIGHT="248"></String>
          </TextLine>

          
          
          <TextLine ID="eSc_line_5d37244a"
                    
                    BASELINE="1114 2421 3530 2432" 
                    HPOS="1104"
                    VPOS="2270"
                    WIDTH="2421"
                    HEIGHT="242">
            <Shape><Polygon POINTS="1110 2418 1104 2481 3514 2512 3525 2428 3514 2276 3267 2307 3225 2276 3219 2276 3214 2276 3209 2276 3188 2276 3020 2307 2756 2281 2678 2276 2672 2276 2667 2276 2662 2276 2651 2281 2620 2307 2336 2307 2230 2286 2136 2270 2130 2270 2125 2270 2072 2291 2036 2302 1999 2291 1941 2270 1936 2270 1799 2270 1794 2270 1788 2270 1783 2270 1762 2291 1746 2307 1336 2307 1315 2297 1231 2270 1225 2270 1220 2270 1215 2270 1110 2297 1110 2418"/></Shape>
	    <String CONTENT="barons. chlr̃s dames et damoiselles"
                    HPOS="1104"
                    VPOS="2270"
                    WIDTH="2421"
                    HEIGHT="242"></String>
          </TextLine>

          
          
          <TextLine ID="eSc_line_bfb597a9"
                    
                    BASELINE="1097 2638 3663 2631" 
                    HPOS="1089"
                    VPOS="2465"
                    WIDTH="2572"
                    HEIGHT="257">
            <Shape><Polygon POINTS="1094 2633 1094 2717 1578 2696 1836 2712 2051 2722 2057 2722 2130 2707 2183 2696 2530 2701 3488 2722 3493 2722 3661 2686 3661 2628 3651 2491 3472 2465 3467 2465 3462 2465 3456 2465 3419 2486 3398 2502 3109 2502 3072 2486 3025 2465 3020 2465 3014 2465 3009 2465 2946 2481 2909 2491 2856 2481 2756 2465 2751 2465 2746 2465 2741 2465 2741 2470 2725 2481 2709 2496 2657 2481 2614 2470 2609 2470 2604 2470 2599 2470 2593 2470 2593 2475 2583 2481 2567 2502 2109 2502 2083 2475 2078 2470 2072 2470 2067 2470 2062 2470 2030 2475 1930 2496 1552 2470 1425 2465 1420 2465 1415 2465 1389 2470 1289 2496 1257 2470 1252 2465 1246 2465 1241 2465 1236 2465 1089 2465 1094 2633"/></Shape>
	    <String CONTENT="Si aduint que a ung iour de penthe"
                    HPOS="1089"
                    VPOS="2465"
                    WIDTH="2572"
                    HEIGHT="257"></String>
          </TextLine>

          
          
          <TextLine ID="eSc_line_5b24bea0"
                    TAGREFS="LT4690"
                    BASELINE="1111 2831 3709 2852" 
                    HPOS="1107"
                    VPOS="2680"
                    WIDTH="2602"
                    HEIGHT="242">
            <Shape><Polygon POINTS="1111 2831 1107 2866 1255 2908 1258 2908 1262 2908 1444 2880 1556 2898 1560 2898 1661 2884 1700 2912 1703 2912 1707 2912 1711 2912 1945 2908 1949 2908 2033 2884 2072 2915 2075 2915 2079 2915 2082 2915 2086 2915 2121 2901 2433 2919 2436 2919 2440 2919 2552 2884 2994 2884 3123 2922 3127 2922 3131 2922 3429 2908 3432 2908 3436 2908 3460 2891 3576 2891 3618 2915 3621 2915 3625 2915 3628 2915 3632 2915 3706 2887 3709 2852 3706 2712 3081 2719 3060 2708 3032 2694 3029 2694 3025 2694 3022 2694 2987 2708 2976 2712 2889 2708 2591 2691 2587 2691 2584 2691 2545 2708 2520 2715 2005 2715 1995 2705 1970 2684 1966 2684 1963 2684 1959 2684 1682 2705 1619 2708 1609 2705 1570 2684 1567 2684 1563 2684 1434 2705 1427 2705 1423 2705 1398 2684 1398 2680 1395 2680 1391 2680 1388 2680 1111 2701 1111 2831"/></Shape>
	    <String CONTENT="coste le roy loys estoit uenu au pont de"
                    HPOS="1107"
                    VPOS="2680"
                    WIDTH="2602"
                    HEIGHT="242"
                    WC="0.9964159578084946"></String>
          </TextLine>

          
          
          <TextLine ID="eSc_line_451b63d8"
                    TAGREFS="LT4690"
                    BASELINE="1111 2831 3709 2852" 
                    HPOS="1107"
                    VPOS="2680"
                    WIDTH="2602"
                    HEIGHT="242">
            <Shape><Polygon POINTS="1111 2831 1107 2866 1255 2908 1258 2908 1262 2908 1444 2880 1556 2898 1560 2898 1661 2884 1700 2912 1703 2912 1707 2912 1711 2912 1945 2908 1949 2908 2033 2884 2072 2915 2075 2915 2079 2915 2082 2915 2086 2915 2121 2901 2433 2919 2436 2919 2440 2919 2552 2884 2994 2884 3123 2922 3127 2922 3131 2922 3429 2908 3432 2908 3436 2908 3460 2891 3576 2891 3618 2915 3621 2915 3625 2915 3628 2915 3632 2915 3706 2887 3709 2852 3706 2712 3081 2719 3060 2708 3032 2694 3029 2694 3025 2694 3022 2694 2987 2708 2976 2712 2889 2708 2591 2691 2587 2691 2584 2691 2545 2708 2520 2715 2005 2715 1995 2705 1970 2684 1966 2684 1963 2684 1959 2684 1682 2705 1619 2708 1609 2705 1570 2684 1567 2684 1563 2684 1434 2705 1427 2705 1423 2705 1398 2684 1398 2680 1395 2680 1391 2680 1388 2680 1111 2701 1111 2831"/></Shape>
	    <String CONTENT="coste le roy loys estoit uenu au pont de"
                    HPOS="1107"
                    VPOS="2680"
                    WIDTH="2602"
                    HEIGHT="242"
                    WC="0.9964159578084946"></String>
          </TextLine>

          
          
          <TextLine ID="eSc_line_249a75a6"
                    TAGREFS="LT4690"
                    BASELINE="1111 3027 3621 3034" 
                    HPOS="1107"
                    VPOS="2891"
                    WIDTH="2514"
                    HEIGHT="227">
            <Shape><Polygon POINTS="1111 3027 1107 3076 1157 3101 1160 3101 1164 3101 1346 3094 1388 3115 1391 3115 1395 3115 1398 3115 1486 3090 1945 3090 1987 3115 1991 3115 1995 3115 1998 3115 2002 3115 2044 3101 2366 3118 2370 3118 2464 3097 2513 3115 2517 3115 2520 3115 2524 3115 2527 3115 2559 3094 2783 3118 2787 3118 3022 3094 3215 3118 3218 3118 3222 3118 3313 3087 3397 3108 3400 3108 3404 3108 3407 3108 3411 3108 3446 3087 3618 3087 3621 3034 3618 2919 3351 2894 3257 2894 3253 2894 3250 2894 3246 2894 3222 2915 3215 2915 2857 2915 2850 2912 2829 2894 2825 2894 2822 2894 2818 2894 2689 2908 2629 2915 2594 2908 2531 2894 2527 2894 2524 2894 2496 2908 2482 2915 2363 2908 2163 2891 2159 2891 2156 2891 2103 2905 2072 2912 1984 2905 1886 2894 1882 2894 1879 2894 1861 2901 1840 2912 1763 2901 1679 2891 1675 2891 1672 2891 1637 2901 1591 2912 1542 2901 1507 2891 1504 2891 1500 2891 1111 2894 1111 3027"/></Shape>
	    <String CONTENT="larche ou il tinst grant feste et plus -"
                    HPOS="1107"
                    VPOS="2891"
                    WIDTH="2514"
                    HEIGHT="227"></String>
          </TextLine>

          
          
          <TextLine ID="eSc_line_e2683a9d"
                    
                    BASELINE="1111 3213 3716 3224" 
                    HPOS="1104"
                    VPOS="3069"
                    WIDTH="2610"
                    HEIGHT="253">
            <Shape><Polygon POINTS="1110 3211 1104 3306 1746 3316 1752 3316 2009 3301 2299 3280 2483 3295 2783 3322 2788 3322 3172 3295 3267 3322 3272 3322 3277 3322 3283 3322 3351 3285 3362 3285 3709 3285 3714 3222 3714 3101 3656 3075 3651 3075 3646 3075 3346 3101 3072 3075 3067 3075 2925 3101 2914 3101 2909 3101 2709 3075 2704 3075 2493 3101 2462 3101 1615 3101 1615 3096 1588 3075 1588 3069 1583 3069 1578 3069 1573 3069 1110 3090 1110 3211"/></Shape>
	    <String CONTENT="grande que on nauoit long temps ueu"
                    HPOS="1104"
                    VPOS="3069"
                    WIDTH="2610"
                    HEIGHT="253"></String>
          </TextLine>

          
          
          <TextLine ID="eSc_line_5bd898be"
                    TAGREFS="LT4690"
                    BASELINE="1128 3434 3734 3427" 
                    HPOS="1125"
                    VPOS="3283"
                    WIDTH="2609"
                    HEIGHT="235">
            <Shape><Polygon POINTS="1128 3434 1132 3504 1213 3483 1300 3500 1304 3500 1521 3483 1619 3500 1626 3500 1630 3504 1630 3500 1633 3500 1668 3486 1700 3500 1735 3514 1739 3514 1742 3514 1746 3514 1777 3500 1795 3490 2040 3493 2044 3497 2072 3518 2075 3518 2079 3518 2082 3518 2184 3497 2215 3490 2257 3493 2398 3514 2401 3514 2538 3493 2541 3493 2548 3493 3267 3514 3271 3514 3274 3514 3327 3486 3730 3479 3734 3427 3727 3322 3558 3322 3485 3283 3481 3283 3478 3283 3250 3322 3211 3329 3036 3325 3008 3325 2966 3290 2962 3290 2959 3290 2955 3290 2952 3290 2825 3322 2664 3283 2661 3283 2443 3308 2359 3290 2356 3290 2352 3290 2349 3290 2289 3325 2194 3287 2191 3287 1995 3287 1991 3287 1987 3287 1900 3318 1567 3287 1563 3287 1398 3297 1395 3297 1391 3297 1342 3336 1125 3336 1128 3434"/></Shape>
	    <String CONTENT="Les barons chl̃rs et dames qui la uin"
                    HPOS="1125"
                    VPOS="3283"
                    WIDTH="2609"
                    HEIGHT="235"></String>
          </TextLine>

          
          
          <TextLine ID="eSc_line_c08adb96"
                    TAGREFS="LT4690"
                    BASELINE="1111 3620 2359 3641 3734 3634" 
                    HPOS="1111"
                    VPOS="3479"
                    WIDTH="2623"
                    HEIGHT="246">
            <Shape><Polygon POINTS="1111 3620 1111 3690 1486 3690 1532 3711 1535 3711 1539 3711 1767 3697 1847 3718 1851 3718 1854 3718 2068 3693 2314 3721 2317 3721 2321 3721 2356 3704 2931 3721 2934 3721 2938 3721 2997 3700 3022 3721 3022 3725 3025 3725 3029 3725 3032 3725 3123 3707 3267 3725 3271 3725 3274 3725 3330 3704 3614 3718 3618 3718 3730 3693 3734 3634 3734 3525 3607 3490 3604 3490 3481 3490 3478 3490 3474 3490 3411 3518 3404 3525 3008 3525 2706 3521 2661 3507 2598 3493 2594 3493 2591 3493 2548 3507 2506 3521 2342 3521 2212 3500 2075 3483 1928 3483 1924 3483 1921 3483 1879 3497 1837 3511 1816 3497 1809 3490 1805 3490 1802 3490 1798 3490 1739 3493 1591 3507 1560 3490 1535 3479 1532 3479 1528 3479 1455 3490 1356 3504 1321 3486 1304 3479 1300 3479 1297 3479 1111 3483 1111 3620"/></Shape>
	    <String CONTENT="drent receust en moult grant reuerãce"
                    HPOS="1111"
                    VPOS="3479"
                    WIDTH="2623"
                    HEIGHT="246"></String>
          </TextLine>

          
          
          <TextLine ID="eSc_line_1c1e46e1"
                    TAGREFS="LT4690"
                    BASELINE="1111 3812 1959 3837 3646 3847" 
                    HPOS="1107"
                    VPOS="3676"
                    WIDTH="2539"
                    HEIGHT="241">
            <Shape><Polygon POINTS="1111 3812 1107 3882 3639 3917 3646 3847 3642 3735 3460 3735 3457 3732 3415 3700 3411 3700 3407 3700 3323 3697 3320 3697 3194 3704 3190 3704 3187 3704 3159 3728 3155 3728 2920 3728 2917 3725 2875 3697 2871 3697 2868 3697 2864 3697 2861 3697 2783 3721 2773 3725 2633 3725 2629 3721 2598 3697 2594 3697 2591 3697 2587 3697 2584 3697 2534 3721 2531 3721 2503 3721 2275 3697 2271 3697 2173 3714 2159 3718 2145 3714 2030 3683 2026 3683 2023 3683 2019 3683 1917 3711 1907 3714 1889 3711 1700 3679 1574 3679 1570 3679 1567 3679 1525 3704 1493 3679 1490 3679 1486 3679 1483 3679 1479 3679 1476 3679 1437 3704 1381 3676 1377 3676 1223 3676 1220 3676 1111 3700 1111 3812"/></Shape>
	    <String CONTENT="et les festia haultement comme bien"
                    HPOS="1107"
                    VPOS="3676"
                    WIDTH="2539"
                    HEIGHT="241"
                    WC="0.9874135937009539"></String>
          </TextLine>

          
          
          <TextLine ID="eSc_line_75a09f9b"
                    
                    BASELINE="1107 4019 3772 4044" 
                    HPOS="1099"
                    VPOS="3895"
                    WIDTH="2668"
                    HEIGHT="215">
            <Shape><Polygon POINTS="1104 4016 1099 4084 3756 4110 3767 4042 3767 3916 1104 3895 1104 4016"/></Shape>
	    <String CONTENT="le sauoit faire et furent tous et toutes"
                    HPOS="1099"
                    VPOS="3895"
                    WIDTH="2668"
                    HEIGHT="215"></String>
          </TextLine>

          
          
          <TextLine ID="eSc_line_afe3a5a9"
                    TAGREFS="LT4690"
                    BASELINE="1111 4222 3674 4243" 
                    HPOS="1107"
                    VPOS="4082"
                    WIDTH="2567"
                    HEIGHT="245">
            <Shape><Polygon POINTS="1111 4222 1107 4278 1321 4306 1325 4306 1328 4306 1412 4285 1479 4310 1483 4310 1486 4310 1714 4292 1798 4313 1802 4313 1805 4313 1956 4289 2002 4317 2005 4317 2009 4317 2012 4317 2359 4285 2391 4285 2412 4289 2538 4306 2541 4306 2685 4296 2720 4320 2724 4320 2727 4320 2822 4324 2825 4324 2829 4324 2832 4324 2868 4303 3081 4324 3085 4324 3088 4324 3162 4299 3246 4327 3250 4327 3253 4327 3670 4292 3674 4243 3663 4103 3604 4121 3537 4100 3530 4100 3527 4100 3523 4100 3513 4100 3393 4128 3078 4096 3053 4096 3050 4096 3046 4096 3043 4096 2952 4124 2804 4096 2801 4096 2797 4096 2727 4124 2608 4124 2570 4100 2566 4100 2563 4100 2559 4100 2391 4121 2247 4121 2212 4089 2208 4089 2205 4089 2201 4089 2198 4089 2194 4089 2124 4107 1987 4089 1963 4086 1959 4086 1938 4089 1830 4103 1644 4093 1640 4093 1637 4093 1570 4114 1479 4082 1472 4082 1469 4082 1465 4082 1448 4082 1272 4107 1234 4082 1230 4082 1227 4082 1111 4082 1111 4222"/></Shape>
	    <String CONTENT="tres contens de lui. et aussi fist pareil"
                    HPOS="1107"
                    VPOS="4082"
                    WIDTH="2567"
                    HEIGHT="245"></String>
          </TextLine>

          
          
          <TextLine ID="eSc_line_7ca78d07"
                    TAGREFS="LT4690"
                    BASELINE="1107 4405 3660 4436" 
                    HPOS="1104"
                    VPOS="4264"
                    WIDTH="2556"
                    HEIGHT="246">
            <Shape><Polygon POINTS="1107 4405 1104 4478 1956 4478 1977 4485 2005 4496 2009 4496 2436 4499 2440 4499 2443 4499 2492 4485 2510 4482 2541 4485 2654 4503 2657 4503 2731 4485 2755 4482 3088 4482 3106 4485 3183 4510 3187 4510 3190 4510 3194 4510 3274 4489 3656 4489 3660 4436 3660 4324 3579 4289 3576 4289 3572 4289 3390 4320 3383 4320 3379 4320 3348 4292 3344 4292 3341 4292 3337 4292 3113 4317 3092 4317 2962 4317 2962 4313 2878 4282 2875 4282 2871 4282 2868 4282 2811 4313 2808 4313 2804 4313 2682 4278 2678 4278 2675 4278 2570 4299 2524 4275 2520 4275 2240 4271 2236 4271 2233 4271 2121 4303 2121 4306 1959 4306 1952 4303 1879 4275 1875 4275 1872 4275 1868 4275 1819 4299 1721 4268 1718 4268 1714 4268 1711 4268 1707 4268 1675 4289 1574 4275 1570 4275 1567 4275 1563 4275 1535 4296 1451 4278 1448 4278 1444 4278 1398 4296 1391 4296 1377 4296 1195 4264 1192 4264 1188 4264 1107 4289 1107 4405"/></Shape>
	    <String CONTENT="lement la royne Plus beau prince"
                    HPOS="1104"
                    VPOS="4264"
                    WIDTH="2556"
                    HEIGHT="246"></String>
          </TextLine>

          
          
          <TextLine ID="eSc_line_7fe4115e"
                    TAGREFS="LT4690"
                    BASELINE="1100 4608 3776 4636" 
                    HPOS="1100"
                    VPOS="4464"
                    WIDTH="2676"
                    HEIGHT="312">
            <Shape><Polygon POINTS="1100 4608 1104 4734 1209 4695 1279 4731 1283 4731 1286 4731 1290 4731 1434 4695 1609 4731 1626 4734 1630 4734 1633 4734 1637 4734 1637 4731 1679 4699 1767 4699 1907 4716 1928 4731 1973 4759 1977 4759 1980 4759 1984 4759 2142 4727 2208 4716 2250 4727 2366 4762 2370 4762 2577 4766 2580 4766 2713 4738 2836 4759 2839 4759 2843 4759 2847 4759 2899 4723 2906 4720 2910 4723 2987 4762 2990 4762 2994 4762 2997 4762 3043 4738 3102 4773 3106 4773 3109 4773 3113 4776 3362 4776 3362 4773 3365 4773 3562 4720 3565 4720 3772 4720 3776 4636 3769 4489 3706 4517 3450 4517 3250 4492 3246 4492 3243 4492 3187 4510 3131 4489 3113 4482 3109 4482 3106 4482 3074 4489 3004 4503 2934 4489 2899 4482 2896 4482 2892 4482 2889 4482 2882 4489 2850 4506 2598 4506 2570 4489 2555 4478 2552 4478 2548 4478 2545 4478 2373 4489 2170 4499 2145 4489 2110 4471 2107 4471 2040 4471 2037 4471 2033 4471 2030 4471 2012 4489 2002 4496 1966 4489 1896 4471 1893 4471 1889 4471 1844 4489 1819 4496 1805 4489 1777 4468 1774 4468 1770 4468 1767 4468 1549 4485 1521 4468 1518 4468 1514 4468 1279 4464 1276 4464 1100 4485 1100 4608"/></Shape>
	    <String CONTENT="ne plus belle dame long temps ꝑauãt"
                    HPOS="1100"
                    VPOS="4464"
                    WIDTH="2676"
                    HEIGHT="312"
                    WC="0.9962195058663686"></String>
          </TextLine>

          
        </TextBlock>
        
        <TextBlock HPOS="1009"
                   VPOS="714"
                   WIDTH="2851"
                   HEIGHT="4034"
                   ID="eSc_textblock_88e2ccd2"
                   TAGREFS="BT11598">
          <Shape><Polygon POINTS="3709 714 3804 756 3776 1216 3860 1920 3776 2551 3818 2856 3748 2929 3804 3350 3804 4678 3383 4748 1093 4678 1009 3196 1065 2800 1107 742 3709 714"/></Shape>
          
        </TextBlock>
        

        
      </PrintSpace>
    </Page>
  </Layout>
</alto>
